<record><leader>00000cas a22000007a 4500</leader><controlfield tag="001">26572680</controlfield><controlfield tag="008">920910c19uu9999wiuwr n       0   a0eng c</controlfield><datafield ind1=" " ind2=" " tag="010"><subfield code="a">sn 92003501 </subfield></datafield><datafield ind1=" " ind2=" " tag="040"><subfield code="a">NSD</subfield><subfield code="b">eng</subfield><subfield code="c">NSD</subfield><subfield code="d">OCLCQ</subfield><subfield code="d">DLC</subfield></datafield><datafield ind1=" " ind2=" " tag="012"><subfield code="l">1</subfield><subfield code="m">y</subfield></datafield><datafield ind1="1" ind2=" " tag="022"><subfield code="a">1065-3236</subfield><subfield code="l">1065-3236</subfield><subfield code="y">1065-3265</subfield><subfield code="2">1</subfield></datafield><datafield ind1=" " ind2=" " tag="032"><subfield code="a">482600</subfield><subfield code="b">USPS</subfield></datafield><datafield ind1=" " ind2=" " tag="037"><subfield code="b">Janet Krokson, 15617-B Highway 63, PO Box 919, Hayward, WI 54843</subfield><subfield code="c">$1.25 (single issue)</subfield><subfield code="c">$3.75 (1 month)</subfield><subfield code="c">$30.00 (26 weeks)</subfield><subfield code="c">$45.00 (52 weeks)</subfield></datafield><datafield ind1=" " ind2=" " tag="042"><subfield code="a">pcc</subfield><subfield code="a">nsdp</subfield></datafield><datafield ind1="1" ind2="0" tag="050"><subfield code="a">ISSN RECORD</subfield></datafield><datafield ind1="1" ind2="0" tag="082"><subfield code="a">071</subfield><subfield code="2">23</subfield></datafield><datafield ind1="0" ind2=" " tag="130"><subfield code="a">Sawyer County record (Hayward, Wis. : 1992)</subfield></datafield><datafield ind1=" " ind2="0" tag="222"><subfield code="a">Sawyer County record</subfield><subfield code="b">(1992)</subfield></datafield><datafield ind1="1" ind2="0" tag="245"><subfield code="a">Sawyer County record.</subfield></datafield><datafield ind1=" " ind2=" " tag="260"><subfield code="a">Hayward, WI :</subfield><subfield code="b">Northwest Wisconsin Media</subfield></datafield><datafield ind1=" " ind2=" " tag="300"><subfield code="a">v.</subfield></datafield><datafield ind1=" " ind2=" " tag="310"><subfield code="a">Weekly</subfield></datafield><datafield ind1=" " ind2=" " tag="588"><subfield code="a">Description based on: Vol. 99, no. 17 (Aug. 26, 1992).</subfield></datafield><datafield ind1=" " ind2=" " tag="588"><subfield code="a">Latest issue consulted: Vol. 118, no. 26 (Oct. 9, 2013).</subfield></datafield><datafield ind1=" " ind2=" " tag="752"><subfield code="a">United States</subfield><subfield code="b">Wisconsin</subfield><subfield code="c">Sawyer</subfield><subfield code="d">Hayward.</subfield></datafield><datafield ind1="0" ind2="0" tag="780"><subfield code="t">Sawyer County record and Hayward republican</subfield><subfield code="x">0749-7245</subfield><subfield code="w">(DLC)sn 84001217</subfield><subfield code="w">(OCoLC)11167038</subfield></datafield></record>